<?xml version="1.0" encoding="UTF-8"?><record xmlns="http://www.loc.gov/MARC21/slim" xmlns:cinclude="http://apache.org/cocoon/include/1.0" xmlns:zs="http://www.loc.gov/zing/srw/">
  <leader>00492nz  a2200145n  4500</leader>
  <controlfield tag="001">no 90024664 </controlfield>
  <controlfield tag="003">DLC</controlfield>
  <controlfield tag="005">19901121092754.9</controlfield>
  <controlfield tag="008">901115n| acannaab|          |n aaa     c</controlfield>
  <datafield tag="010" ind1=" " ind2=" ">
    <subfield code="a">no 90024664 </subfield>
  </datafield>
  <datafield tag="040" ind1=" " ind2=" ">
    <subfield code="a">MdU</subfield>
    <subfield code="c">MdU</subfield>
  </datafield>
  <datafield tag="100" ind1="1" ind2="0">
    <subfield code="a">Costantini, Girolamo</subfield>
  </datafield>
  <datafield tag="670" ind1=" " ind2=" ">
    <subfield code="a">His Caso di monete imprestate, dialogo, 1753</subfield>
    <subfield code="b">(name not given)</subfield>
  </datafield>
  <datafield tag="670" ind1=" " ind2=" ">
    <subfield code="a">Melzi. Diz. di opere anon. e pseud.</subfield>
    <subfield code="b">(Girolamo Costantini, veneziano)</subfield>
  </datafield>
  <datafield tag="675" ind1=" " ind2=" ">
    <subfield code="a">Diz. encic. della letter. ital.;</subfield>
    <subfield code="a">Encic. ital.;</subfield>
    <subfield code="a">Ferrari. Onomasticon.</subfield>
  </datafield>
</record>